<record><leader>00000cas a22000007a 4500</leader><controlfield tag="001">12412808</controlfield><controlfield tag="008">850822d19231925wiumr ne      0    0eng d</controlfield><datafield ind1=" " ind2=" " tag="010"><subfield code="a">sn 85041127 </subfield></datafield><datafield ind1=" " ind2=" " tag="040"><subfield code="a">NPV</subfield><subfield code="b">eng</subfield><subfield code="c">NPV</subfield><subfield code="d">OCLCQ</subfield></datafield><datafield ind1=" " ind2=" " tag="042"><subfield code="a">msc</subfield></datafield><datafield ind1=" " ind2=" " tag="045"><subfield code="a">x2x2</subfield></datafield><datafield ind1=" " ind2=" " tag="052"><subfield code="a">4123</subfield><subfield code="b">C4</subfield></datafield><datafield ind1="0" ind2="4" tag="245"><subfield code="a">The Bloomer free press.</subfield></datafield><datafield ind1=" " ind2=" " tag="260"><subfield code="a">Bloomer, Wis. :</subfield><subfield code="b">[G.W. Deuel?],</subfield><subfield code="c">1923-1925.</subfield></datafield><datafield ind1=" " ind2=" " tag="300"><subfield code="a">2 v. :</subfield><subfield code="b">ill.</subfield></datafield><datafield ind1=" " ind2=" " tag="310"><subfield code="a">Monthly</subfield></datafield><datafield ind1=" " ind2=" " tag="321"><subfield code="a">Semimonthly,</subfield><subfield code="b">Sept. 1, 1923-Feb. 18, 1925</subfield></datafield><datafield ind1="0" ind2=" " tag="362"><subfield code="a">Vol. 1, no. 1 (Sept. 1, 1923)-v. 2, no. 23 (June 18, 1925).</subfield></datafield><datafield ind1=" " ind2=" " tag="500"><subfield code="a">"Progressive Party advocate," Dec. 10, 1924-Mar. 17, 1925.</subfield></datafield><datafield ind1=" " ind2=" " tag="500"><subfield code="a">Title varies slightly.</subfield></datafield><datafield ind1=" " ind2=" " tag="500"><subfield code="a">Editor: G.W. Deuel.</subfield></datafield><datafield ind1=" " ind2=" " tag="530"><subfield code="a">Available on microfilm from The State Historical Society of Wisconsin.</subfield></datafield><datafield ind1=" " ind2=" " tag="752"><subfield code="a">United States</subfield><subfield code="b">Wisconsin</subfield><subfield code="c">Chippewa</subfield><subfield code="d">Bloomer.</subfield></datafield><datafield ind1="1" ind2=" " tag="029"><subfield code="a">AU@</subfield><subfield code="b">000025810113</subfield></datafield></record>